@string{grande99 = "ACM 1999 Java Grande Conference"}
@string{ibmsj ="IBM Systems Journal"}
@string{oopsla = "ACM Conference on Object-Oriented Programming Systems, Languages, and Applications"}

@INPROCEEDINGS(jalapeno-opt-grande-99,
  Author	= "Michael G. Burke and Jong-Deok Choi and Stephen
		Fink and David Grove and Michael Hind and
		Vivek Sarkar and Mauricio J. Serrano and
		V. C. Sreedhar and Harini Srinivasan and John Whaley",
  Title		= "The {J}alape\~{n}o Dynamic Optimizing Compiler for {J}ava",
  Booktitle	= grande99,
  Month		= jun,
  Year		= 1999,
  Pages         = {129--141}
)


@ARTICLE(jalapeno-ibmsj-00,
  Author	= "B. Alpern and C. R. Attanasio and J. J. Barton
		  and M. G. Burke and P. Cheng and J.-D. Choi 
		  and A. Cocchi and S. J. Fink and D. Grove and M. Hind 
		  and S. F. Hummel and D. Lieber and V. Litvinov 
		  and M. F. Mergen and T. Ngo and J. R. Russell
		  and V. Sarkar and M. J. Serrano and J. C. Shepherd
		  and S. E. Smith and V. C. Sreedhar and H. Srinivasan
		  and J. Whaley", 
  Title		= "The {J}alape\~{n}o virtual machine",
  Journal	= ibmsj,
  Year		= 2000,
  Volume	= 39,
  Number	= 1
)

@INPROCEEDINGS(jalapeno-adaptive-00,
  Author	= "Matthew Arnold and Stephen Fink and David Grove and 
	Michael Hind and {Peter F.} Sweeney",
  Title		= "Adaptive Optimization in the {Jalape\~{n}o JVM}",
  Booktitle	= oopsla,
  Year		= 2000,
  Month		= oct
)

